@article{NISTransomware2023,
  author    = {K. Scarfone and M. Souppaya},
  title     = {Protecting Against Ransomware Attacks},
  journal   = {National Institute of Standards and Technology (NIST)},
  year      = {2023},
  number    = {NIST CSRC Guide},
  url       = {https://csrc.nist.gov/publications/detail/white-paper/2023/04/06/protecting-against-ransomware-attacks/final},
  note      = {Accessed: 2025-06-08}
}

@misc{Bleih2025,
  author       = {A. Bleih},
  title        = {Ransomware Annual Report 2024},
  howpublished = {\url{https://cyberint.com/blog/research/ransomware-annual-report-2024/}},
  note         = {Cyberint (a Check Point Company), Accessed: 2025-06-08},
  year         = {2025},
  month        = jan
}

@article{Parola2023,
  author  = {F. Parola and R. Procopio and R. Querio and F. Risso},
  title   = {Comparing User Space and In-Kernel Packet Processing for Edge Data Centers},
  journal = {ACM SIGCOMM Computer Communication Review},
  volume  = {53},
  number  = {1},
  year    = {2023},
  month   = apr
}

@misc{Cisco2021,
  author       = {{Cisco ComSoc Tech Blog}},
  title        = {Highlights of Cisco’s Internet Traffic Report \& Forecast},
  howpublished = {\url{https://techblog.comsoc.org/2021/12/29/highlights-of-ciscos-internet-traffic-forecast}},
  note         = {Accessed: 2025-06-08},
  year         = {2021},
  month        = dec
}

@data{qnyn-q136-20,
  doi = {10.21227/qnyn-q136},
  url = {https://dx.doi.org/10.21227/qnyn-q136},
  author = {Eduardo Berrueta and Daniel Morató and Eduardo Magaña and Mikel Izal},
  publisher = {IEEE Dataport},
  title = {Open Repository for the Evaluation of Ransomware Detection Tools},
  year = {2020}
  note         = {Accessed: 2025-06-07}
}

@article{9050526,
  author={Berrueta, Eduardo and Morato, Daniel and Magaña, Eduardo and Izal, Mikel},
  journal={IEEE Access}, 
  title={Open Repository for the Evaluation of Ransomware Detection Tools}, 
  year={2020},
  volume={8},
  number={},
  pages={65658-65669},
  keywords={Ransomware;Tools;Strain;Servers;Encryption;Ransomware;open repository;traffic analysis},
  doi={10.1109/ACCESS.2020.2984187}
}

@article{KIM2022103387,
  title = {A method for decrypting data infected with Hive ransomware},
  journal = {Journal of Information Security and Applications},
  volume = {71},
  pages = {103387},
  year = {2022},
  issn = {2214-2126},
  doi = {https://doi.org/10.1016/j.jisa.2022.103387},
  url = {https://www.sciencedirect.com/science/article/pii/S2214212622002319},
  author = {Giyoon Kim and Soram Kim and Soojin Kang and Jongsung Kim},
}

@misc{HeimdalCryLock2022,
  author       = {{Heimdal Security}},
  title        = {CryLock Ransomware Explained: Origins, How It Works and How to Remove It},
  howpublished = {Heimdal Security blog},
  year         = {2022},
  month        = mar,
  note         = {Accessed: 2025-07-08},
  url          = {https://heimdalsecurity.com/blog/crylock-ransomware/}
}


@manual{LinuxIptables,
  title        = {iptables(8) — Administering IPv4 Packet Filtering and NAT},
  author       = {{Linux Manual Pages}},
  organization = {die.net},
  year         = {2025},
  note         = {Online. Accessed: 2025-07-11},
  url          = {https://linux.die.net/man/8/iptables}
}

@inproceedings{Roesch1999Snort,
  author    = {Martin Roesch},
  title     = {Snort: Lightweight Intrusion Detection for Networks},
  booktitle = {Proceedings of the 13th Systems Administration Conference (LISA'99)},
  year      = {1999},
  pages     = {229--238},
  address   = {Seattle, WA, USA},
  publisher = {USENIX Association},
  note      = {https://www.usenix.org/publications/library/proceedings/lisa99/roesch.html},
  isbn      = {1-880446-25-1}
}

@manual{FreeBSDBPF,
  title        = {bpf(4) — Berkeley Packet Filter},
  author       = {{FreeBSD Manual Pages}},
  organization = {{The FreeBSD Project}},
  year         = {2025},
  note         = {Online. Accessed: 2025-07-21},
  url          = {https://man.freebsd.org/cgi/man.cgi?bpf}
}

@manual{LibpcapDocs2025,
  title        = {libpcap User Documentation},
  author       = {{The tcpdump Group}},
  organization = {Read the Docs},
  year         = {2025},
  note         = {Online. Accessed: 2025-07-21},
  url          = {https://libpcap.readthedocs.io/en/latest/}
}

@manual{WiresharkLibpcapWiki,
  title        = {libpcap — Wireshark Wiki},
  author       = {{The Wireshark Foundation}},
  organization = {Wireshark Wiki},
  year         = {2025},
  note         = {Online. Accessed: 2025-07-21},
  url          = {https://wiki.wireshark.org/libpcap}
}

@online{ebpf_website,
  title        = {What is eBPF?},
  author       = {{eBPF.io}},
  year         = {2025},
  url          = {https://ebpf.io/what-is-ebpf/},
  note         = {Online. Accessed: 2025-07-22}
}

@manual{AyaXDP,
  title        = {XDP — Aya (Rust eBPF){:} Express Data Path Documentation},
  author       = {{Aya Contribtors}},
  organization = {Aya Project},
  year         = {2025},
  note         = {Online. Accessed: 2025-08-10},
  url          = {https://aya-rs.dev/book/programs/xdp/}
}


@misc{lantz2021mininet,
  author       = {Bob Lantz and Nikhil Handigol and Brandon Heller and Vimal Jeyakumar},
  title        = {Introduction to Mininet},
  year         = 2021,
  url          = {https://github.com/mininet/mininet/wiki/Introduction-to-Mininet},
  note         = {Accedido: 2025-08-16}
}
