@article{NISTransomware2023,
  author    = {K. Scarfone and M. Souppaya},
  title     = {Protecting Against Ransomware Attacks},
  journal   = {National Institute of Standards and Technology (NIST)},
  year      = {2023},
  number    = {NIST CSRC Guide},
  url       = {https://csrc.nist.gov/publications/detail/white-paper/2023/04/06/protecting-against-ransomware-attacks/final},
  note      = {Accessed: 2025-06-08}
}

@misc{Bleih2025,
  author       = {A. Bleih},
  title        = {Ransomware Annual Report 2024},
  howpublished = {\url{https://cyberint.com/blog/research/ransomware-annual-report-2024/}},
  note         = {Cyberint (a Check Point Company), Accessed: 2025-06-08},
  year         = {2025},
  month        = jan
}

@article{Parola2023,
  author  = {F. Parola and R. Procopio and R. Querio and F. Risso},
  title   = {Comparing User Space and In-Kernel Packet Processing for Edge Data Centers},
  journal = {ACM SIGCOMM Computer Communication Review},
  volume  = {53},
  number  = {1},
  year    = {2023},
  month   = apr
}

@misc{Cisco2021,
  author       = {{Cisco ComSoc Tech Blog}},
  title        = {Highlights of Ciscoâ€™s Internet Traffic Report \& Forecast},
  howpublished = {\url{https://techblog.comsoc.org/2021/12/29/highlights-of-ciscos-internet-traffic-forecast}},
  note         = {Accessed: 2025-06-08},
  year         = {2021},
  month        = dec
}

